
@online{BIG,
  author = {{Kaggle Inc.}},
  title = {{Microsoft Malware Classification Challenge (BIG 2015)}},
  year = 2015,
  url = {http://www.kaggle.com/c/malware-classification},
  note = {Accessed: 2015-02-11}
}